<?xml version="1.0" encoding="UTF-8"?><collection xmlns="http://www.loc.gov/MARC21/slim"><record><leader>00560nam--2200193-i-4500</leader><controlfield tag="001">000037514</controlfield><controlfield tag="002">20161230</controlfield><controlfield tag="005">20161230201041</controlfield><controlfield tag="008">060222s1000------------r-----000-0-eng-d</controlfield><datafield ind1=" " ind2=" " tag="020"><subfield code="a">9971500477</subfield></datafield><datafield ind1=" " ind2=" " tag="040"><subfield code="a">IFIN-HH</subfield></datafield><datafield ind1=" " ind2=" " tag="080"><subfield code="a">524.83(061.3)</subfield></datafield><datafield ind1="1" ind2=" " tag="100"><subfield code="a">Sato, Humitaka</subfield></datafield><datafield ind1="1" ind2="0" tag="245"><subfield code="a">Quantum gravity and cosmology. the 8th kyoto summer institute kyoto, 1985</subfield><subfield code="c">Humitaka sato, takeo inami (eds.)</subfield></datafield><datafield ind1=" " ind2=" " tag="260"><subfield code="a">Singapore</subfield><subfield code="b">World Scientific</subfield><subfield code="c">1986</subfield></datafield><datafield ind1=" " ind2=" " tag="300"><subfield code="a">XI + 306P</subfield></datafield><datafield ind1="1" ind2=" " tag="700"><subfield code="a">Inami, Takeo</subfield><subfield code="e">Ed</subfield></datafield><datafield ind1=" " ind2=" " tag="852"><subfield code="a">79100</subfield><subfield code="c">523</subfield></datafield><datafield ind1=" " ind2=" " tag="CAT"><subfield code="a">Sys</subfield><subfield code="c">20141209</subfield><subfield code="h">172848</subfield></datafield></record></collection>